<record><leader>00000cas a22000007a 4500</leader><controlfield tag="001">27450312</controlfield><controlfield tag="008">930216d1900190umouwr ne      0    0eng d</controlfield><datafield ind1=" " ind2=" " tag="010"><subfield code="a">sn 93059939 </subfield></datafield><datafield ind1=" " ind2=" " tag="040"><subfield code="a">MQN</subfield><subfield code="b">eng</subfield><subfield code="c">MQN</subfield><subfield code="d">OCLCQ</subfield></datafield><datafield ind1=" " ind2=" " tag="042"><subfield code="a">msc</subfield></datafield><datafield ind1="0" ind2="0" tag="245"><subfield code="a">Pickering news.</subfield></datafield><datafield ind1=" " ind2=" " tag="260"><subfield code="a">Pickering, Nodaway Co., Mo. :</subfield><subfield code="b">Isaiah Kirbey</subfield></datafield><datafield ind1=" " ind2=" " tag="300"><subfield code="a">v.</subfield></datafield><datafield ind1=" " ind2=" " tag="310"><subfield code="a">Weekly</subfield></datafield><datafield ind1="1" ind2=" " tag="362"><subfield code="a">Began in 1900; ceased in 1904.</subfield><subfield code="z">Cf. Missouri newspapers: when and where.</subfield></datafield><datafield ind1=" " ind2=" " tag="588"><subfield code="a">Description based on: Vol. 1, no. 18 (Jan. 4, 1901).</subfield></datafield><datafield ind1=" " ind2="4" tag="651"><subfield code="a">Pickering (Mo.)</subfield><subfield code="v">Newspapers.</subfield></datafield><datafield ind1=" " ind2=" " tag="752"><subfield code="a">United States</subfield><subfield code="b">Missouri</subfield><subfield code="c">Nodaway</subfield><subfield code="d">Pickering.</subfield></datafield></record>